@article{hft_intro,
    author = "Bruno Biais and Paul Woolley",
    title = "High Frequency Trading",
    journal = "Working paper IDEI",
    year = "2012",
    DOI = "http://dx.doi.org/10.1002/andp.19053221004",
}

@article{bitcoin,
    author = "Satoshi Nakamoto",
    title = "Bitcoin: A Peer-to-Peer Electronic Cash System",
    year = "2008",
    DOI = "https://bitcoin.org/bitcoin.pdf",
}

@article{rosenblatt_perceptron,
    author = "Frank Rosenblatt",
    title = "The Perceptron: A Probabilistic Model for Information Storage and Organization in The Brain",
    journal = "Working paper IDEI",
    year = "1958",
    DOI = "https://citeseerx.ist.psu.edu/viewdoc/summary?doi=10.1.1.588.3775",
}

@article{world_bank_bitcoin,
    author = "Office of the Chief Economist",
    title = "Cryptocurrencies and Blockchain",
    journal = "World Bank Economic ECA Update",
    year = "2018",
    DOI = "http://documents1.worldbank.org/curated/pt/293821525702130886/pdf/Cryptocurrencies-and-blockchain.pdf",
}

@article{fact_fiction_momentum,
    author = "Clifford Asness Andrea Frazzini Ronen Israel and Tobias Moskowitz",
    title = "Fact, Fiction and Momentum Investing",
    journal = "The journal of Portfolio Management",
    year = "2014",
    DOI = "https://doi.org/10.3905/jpm.2014.40.5.075",
}

@article{value_momentum,
    author = "Clifford Asness, Tobias Moskowitz and Lasse Heje Pedersen",
    title = "Value and Momentum Everywhere",
    journal = "",
    year = "2013",
    DOI = " https://doi.org/10.1111/jofi.12021",
}

@article{oxford_handbook,
    author = "Peter Gomber and Kai Zimmermann",
    title = "Algorithmic Trading in Practice",
    journal = "",
    year = "2018",
    DOI = "https://doi.org/10.1093/oxfordhb/9780199844371.013.12",
}

@article{deloitte,
    author = "",
    title = "5 Blockchain Trends for 2020",
    journal = "C-Suite Briefing",
    year = "2020",
    DOI = "https://www2.deloitte.com/content/dam/Deloitte/ie/Documents/Consulting/Blockchain-Trends-2020-report.pdf",
}

@article{future_of_empirical_finance,
    author = "Lopez de Prado, Marcos",
    title = "The Future of Empirical Finance",
    journal = "Journal of Portfolio Management, 41(4), Summer 2015",
    year = "2015",
    DOI = "http://dx.doi.org/10.2139/ssrn.2609734",
}

@article{frac_diff_paper,
    author = "J. M. R. Hosking",
    title = "Fractional differencing",
    journal = "Biometrika, Volume 68, Issue 1, April 1981, Pages 165–176",
    year = "1981",
    DOI = "https://doi.org/10.1093/biomet/68.1.165",
}

@article{sadf_paper,
    author = "Peter C. B. Phillips, Yangru Wu, Jun Yu",
    title = "Explosive Behavior in the 1990s Nasdaq: When Did Exuberance Escalate Asset Values?",
    journal = "International Economic Review. 52, (1), 201-226. Research Collection School Of Economics",
    year = "2011",
    DOI = "https://doi.org/10.1111/j.1468-2354.2010.00625.x",
}

@article{sharpe_paper,
    author = "Bailey, David H. and López de Prado, Marcos",
    title = "The Sharpe Ratio Efficient Frontier",
    journal = "Journal of Risk, Vol. 15, No. 2, Winter 2012/13",
    year = "2012",
    DOI = "http://dx.doi.org/10.2139/ssrn.1821643",
}

@article{         harris2020array,
 title         = {Array programming with {NumPy}},
 author        = {Charles R. Harris and K. Jarrod Millman and St{'{e}}fan J.
                 van der Walt and Ralf Gommers and Pauli Virtanen and David
                 Cournapeau and Eric Wieser and Julian Taylor and Sebastian
                 Berg and Nathaniel J. Smith and Robert Kern and Matti Picus
                 and Stephan Hoyer and Marten H. van Kerkwijk and Matthew
                 Brett and Allan Haldane and Jaime Fern{'{a}}ndez del
                 R{'{\i}}o and Mark Wiebe and Pearu Peterson and Pierre
                 G{'{e}}rard-Marchant and Kevin Sheppard and Tyler Reddy and
                 Warren Weckesser and Hameer Abbasi and Christoph Gohlke and
                 Travis E. Oliphant},
 year          = {2020},
 month         = sep,
 journal       = {Nature},
 volume        = {585},
 number        = {7825},
 pages         = {357--362},
 doi           = {10.1038/s41586-020-2649-2},
 publisher     = {Springer Science and Business Media {LLC}},
 url           = {https://doi.org/10.1038/s41586-020-2649-2}
}

@article{owidinternet,
    author = {Max Roser, Hannah Ritchie and Esteban Ortiz-Ospina},
    title = {Internet},
    journal = {Our World in Data},
    year = {2015},
    note = {https://ourworldindata.org/internet}
}

@article{sortino_a_sharper_ratio,
    author = {Thomas N. Rollinger and Scott T. Hoffman},
    title = {Sortino: A Sharper Ratio},
    publisher = {CME Group},
    year = {2015},
    url = {https://www.cmegroup.com/education/files/rr-sortino-a-sharper-ratio.pdf}
}

@article{the_statistics_of_sharpe_ratio,
    author = {Andrew W. Lo},
    title = {The Statistics of Sharpe Ratios},
    journal = {Financial Analysts Journal},
    volume = {58},
    number = {4},
    pages = {36-52},
    year  = {2002},
    publisher = {Routledge},
    doi = {10.2469/faj.v58.n4.2453},
    url = {https://doi.org/10.2469/faj.v58.n4.2453}
}

@article{causal_interpretations_of_bb_models,
    author = {Qingyuan Zhao and Trevor Hastie},
    title = {Causal Interpretations of Black-Box Models},
    journal = {Journal of Business \& Economic Statistics},
    volume = {39},
    number = {1},
    pages = {272-281},
    year  = {2021},
    publisher = {Taylor & Francis},
    doi = {10.1080/07350015.2019.1624293},
    url = {https://doi.org/10.1080/07350015.2019.1624293},
}

@article{quant_gans,
    author = {Magnus Wiese and Robert Knobloch and Ralf Korn and Peter Kretschmer},
    title = {Quant GANs: deep generation of financial time series},
    journal = {Quantitative Finance},
    volume = {20},
    number = {9},
    pages = {1419-1440},
    year  = {2020},
    publisher = {Routledge},
    doi = {10.1080/14697688.2020.1730426},
    url = {https://doi.org/10.1080/14697688.2020.1730426},
}

@book{lopez_de_prado,
    title = {Advances in Financial Machine Learning},
    author = {Marcos Lopez de Prado},
    isbn = {978-1119482086},
    year = {2018},
    publisher = {Wiley},
}

@book{machine_learning_for_asset_managers,
    title = {Machine Learning for Asset Managers (Elements in Quantitative Finance)},
    author = {Marcos Lopez de Prado},
    isbn = {978-1108792899},
    year = {2020},
    publisher = {Cambridge University Press},
}

@book{mackay,
    title = {Memoirs of extraordinary popular delusions and the madness of crowds},
    author = {Charles Mackay},
    isbn = {978-1119482086},
    year = {1869},
    publisher = {London ; New York : G. Routledge},
}

@book{cryptoassets_book,
    title = {Cryptoassets. The Innovative Investor's Guide to Bitcoin and Beyond},
    author = {Chris Burniske and Jack Tatar},
    isbn = {978-1260026672},
    year = {2017},
    publisher = {McGraw-Hill Education},
}

@book{feature_engineering,
    title = {Feature Engineering for Machine Learning: Principles and Techniques for Data Scientists},
    author = {Alice Zheng, Amanda Casari},
    isbn = {978-1491953242},
    year = {2018},
    publisher = {O'Reilly Media},
}

@book{intro_to_statistical_learning,
    title = {An Introduction to Statistical Learning},
    author = {Gareth James and Daniela Witten and Trevor Hastie, Robert Tibshirani},
    isbn = {978-1-4614-7137-0},
    year = {2017},
    publisher = {Springer},
}

@book{elements_of_statistical_learning,
    title = {The Elements of Statistical Learning. Data Mining, Inference and Prediction},
    author = {Trevor Haastie, Robert Tibshirani, Jerome Friedman},
    isbn = {978-0-387-84857-0},
    year = {2017},
    publisher = {Springer},
}

@book{time_series_analysis,
    title = {Time Series Analysis},
    author = {James D. Hamilton},
    isbn = {0-691-04289-6},
    year = {1994},
    publisher = {Princeton University Press},
}

@book{econometric_theory_and_methods,
    title = {Econometric Theory and Methods},
    author = {Russell Davidson and James G. MacKinnon},
    isbn = {978-0195123722},
    year = {2003},
    publisher = {Oxford University Press},
}

@book{your_complete_guide_to_factor_investing,
    title = {Your Complete Guide to Factor-Based Investing: The Way Smart Money Invests Today},
    author = {Andrew L. Berkin and Larry E. Swedroe},
    isbn = {978-0692783658},
    year = {2016},
    publisher = {Buckingham},
}

@book{machine_learning_in_finance,
    title = {Machine Learning in Finance},
    author = {Dixon, Matthew F. and Halperin, Igor and Bilokon, Paul},
    isbn = {978-3-030-41068-1},
    year = {2020},
    publisher = {Springer International Publishing},
}

@online{blackrock_investment,
    author = "James Comtois",
    title = "BlackRock reorganizes active equity unit, turns more to computer-based quant strategies",
    url  = "https://www.pionline.com/article/20170329/ONLINE/170329859/blackrock-reorganizes-active-equity-unit-turns-more-to-computer-based-quant-strategies",
    addendum = "(accessed: 29.03.2017)",
}

@online{mkomo_cost_per_gb,
    author = "Matt Komorowski",
    title = "a history of storage cost",
    url  = "https://mkomo.com/cost-per-gigabyte",
    addendum = "(accessed: 09.08.2009)",
}

@online{mkomo_cost_per_gb_updated,
    author = "Matt Komorowski",
    title = "a history of storage cost (update)",
    url  = "https://mkomo.com/cost-per-gigabyte-update",
    addendum = "(accessed: 03.09.2014)",
}

@online{itu_inet_access,
    author = "ITU",
    title = "Internet access through time",
    url  = "https://www.itu.int/en/ITU-D/Statistics/Pages/stat/default.aspx",
    addendum = "(accessed: 2019)",
}

@online{moore_law,
    author = "Gordon Moore",
    title = "Moore's Law and Intel innovation",
    url  = "https://www.intel.com/content/www/us/en/history/museum-gordon-moore-law.html",
    addendum = "(accessed: 04.02.2021)",
}

@online{dot_com_bubble,
    author = "Adam Hayes",
    title = "Dotcom Bubble",
    url  = "https://www.investopedia.com/terms/d/dotcom-bubble.asp",
    addendum = "(accessed: 04.02.2021)",
}

@online{financial_crisis_2008,
    author = "Manoj Singh",
    title = "The 2007-2008 Financial Crisis in Review",
    url  = "https://www.investopedia.com/terms/d/dotcom-bubble.asp",
    addendum = "(accessed: 04.02.2021)",
}

@online{bitcoin_release,
    author = "Satoshi Nakamoto",
    title = "Bitcoin v0.1 released",
    url  = "https://www.mail-archive.com/cryptography@metzdowd.com/msg10142.html",
    addendum = "(accessed: 04.02.2021)",
}


@online{statista_crypto,
    author = "Raynor de Best",
    title = "Quantity of cryptocurrencies 2013-2021",
    url  = "https://www.statista.com/statistics/863917/number-crypto-coins-tokens/",
    addendum = "(accessed: 04.02.2021)",
}

@online{coinmarket_market_cap_bitcoin,
    author = "CoinMarketCap",
    title = "Historical Data for Bitcoin",
    url  = "https://coinmarketcap.com/es/currencies/bitcoin/historical-data/",
    addendum = "(accessed: 04.02.2021)",
}

@online{blockchain,
    author = "Bitcoin community",
    title = "Block chain",
    url  = "https://en.bitcoin.it/wiki/Block_chain",
    addendum = "(accessed: 04.08.2021)",
}

@online{wallet,
    author = "Bitcoin community",
    title = "Wallet",
    url  = "https://en.bitcoin.it/wiki/Wallet",
    addendum = "(accessed: 04.08.2021)",
}

@online{bitcoin_network,
    author = "Bitcoin community",
    title = "Network",
    url  = "https://en.bitcoin.it/wiki/Network",
    addendum = "(accessed: 04.08.2021)",
}

@online{bitcoin_stock_to_flow,
    author = "PlanB",
    title = "Modeling Bitcoin Value with Scarcity",
    url  = "https://medium.com/@100trillionUSD/modeling-bitcoins-value-with-scarcity-91fa0fc03e25",
    addendum = "(accessed: 04.10.2021)",
}

@online{bitcoin_github,
    author = "Bitcoin Developers, The Bitcoin Core developers",
    title = "Bitcoin project",
    url  = "https://github.com/bitcoin",
    addendum = "(accessed: 04.10.2021)",
}

@online{csv,
    author = "RFC",
    title = "Common Format and MIME Type for Comma-Separated Values (CSV) Files",
    url  = "https://tools.ietf.org/html/rfc4180",
    addendum = "(accessed: 04.15.2021)",
}

@online{json,
    author = "ECMA International",
    title = "ECMA-404, The JSON data interchange syntax,2nd edition, December 2017",
    url  = "https://www.ecma-international.org/publications-and-standards/standards/ecma-404/",
    addendum = "(accessed: 04.15.2021)",
}

@online{kaggle,
    author = "Kaggle Inc.",
    title = "Kaggle",
    url  = "https://www.kaggle.com/",
    addendum = "(accessed: 04.18.2021)",
}

@online{kaggle_btc,
    author = "Mark Zielinski",
    title = "Bitcoin Historical Data",
    url  = "https://www.kaggle.com/mczielinski/bitcoin-historical-data",
    addendum = "(accessed: 04.18.2021)",
}

@online{bitcoin_charts,
    author = "Bitcoincharts",
    title = "Bitcoincharts",
    url  = "https://bitcoincharts.com/charts",
    addendum = "(accessed: 04.18.2021)",
}

@online{cc_by_sa_4,
    author = "Creative Commons",
    title = "Creative Commons Attribution-ShareAlike 4.0 International Public License",
    url  = "https://creativecommons.org/licenses/by-sa/4.0/legalcode",
    addendum = "(accessed: 04.18.2021)",
}

@online{glassnode,
    author = "Glassnode",
    title = "Glassnode",
    url  = "https://glassnode.com/",
    addendum = "(accessed: 04.18.2021)",
}

@online{glassnode_terms,
    author = "Glassnode",
    title = "Terms \& Conditions",
    url  = "https://glassnode.com/terms-and-conditions",
    addendum = "(accessed: 04.18.2021)",
}

@online{cnn_fear_and_greed,
    author = "CNN",
    title = "Fear \& Greed Index",
    url  = "https://money.cnn.com/data/fear-and-greed/",
    addendum = "(accessed: 04.18.2021)",
}

@online{alternative_me,
    author = "Alternative.me",
    title = "Crypto Fear \& Greed Index",
    url  = "https://alternative.me/crypto/fear-and-greed-index/",
    addendum = "(accessed: 04.18.2021)",
}

@online{google_trends_terms_of_use,
    author = "Google LLC",
    title = "Terms and conditions to use Google Trends data",
    url  = "https://support.google.com/trends/answer/4365538?hl=es",
    addendum = "(accessed: 04.18.2021)",
}

@online{mtum_etf,
    author = "iShares by BlackRock",
    title = "iShares MSCI USA Momentum Factor ETF. Fact Sheet as of 03/31/2021",
    url  = "https://www.ishares.com/us/literature/fact-sheet/mtum-ishares-msci-usa-momentum-factor-etf-fund-fact-sheet-en-us.pdf",
    addendum = "(accessed: 05.23.2021)",
}


@online{treasury_yield,
    author = "U.S. Department of the Treasury",
    title = "Daily Treasury Yield Curve Rates",
    url  = "https://www.treasury.gov/resource-center/data-chart-center/interest-rates/pages/TextView.aspx?data=yieldYear&year=2021",
    addendum = "(accessed: 05.23.2021)",
}

@online{binance_fees,
    author = "Binance",
    title = "Fee schedule",
    url  = "https://www.binance.com/en/fee/schedule",
    addendum = "(accessed: 05.23.2021)",
}


@online{defi_rate_loans,
    author = "Defi Rate",
    title = "Lend",
    url  = "https://defirate.com/lend/?exchange_table_type=lend",
    addendum = "(accessed: 05.23.2021)",
}
